<?xml version="1.0" encoding="UTF-8" ?><marc:record xmlns:marc="http://www.loc.gov/MARC21/slim"><marc:leader>00545nam a2200169   4500</marc:leader><marc:controlfield tag="001">1000207</marc:controlfield><marc:controlfield tag="008">100120s1856        enk       |00|| und d</marc:controlfield><marc:datafield tag="100" ind1="1" ind2=" "><marc:subfield code="a">Veith, Johann E.</marc:subfield></marc:datafield><marc:datafield tag="245" ind1="1" ind2="4"><marc:subfield code="a">Die Naturgeschichte der nutzbaren Haussäugethiere.</marc:subfield></marc:datafield><marc:datafield tag="260" ind1=" " ind2=" "><marc:subfield code="a">Wien :</marc:subfield><marc:subfield code="b">W. Braumüller,</marc:subfield><marc:subfield code="c">1856.</marc:subfield></marc:datafield><marc:datafield tag="300" ind1=" " ind2=" "><marc:subfield code="a">91 p.</marc:subfield></marc:datafield><marc:datafield tag="500" ind1=" " ind2=" "><marc:subfield code="a">Location: Cambridge.</marc:subfield></marc:datafield><marc:datafield tag="500" ind1=" " ind2=" "><marc:subfield code="a">Identifier: Veith1856hq20T.</marc:subfield></marc:datafield><marc:datafield tag="500" ind1=" " ind2=" "><marc:subfield code="a">Public number: 1370.</marc:subfield></marc:datafield><marc:datafield tag="561" ind1=" " ind2=" "><marc:subfield code="a">From the library of Charles Darwin.</marc:subfield></marc:datafield><marc:datafield tag="599" ind1=" " ind2=" "><marc:subfield code="a">Includes 1 manuscript sheets.</marc:subfield></marc:datafield><marc:datafield tag="770" ind1="0" ind2=" "><marc:subfield code="t">Manuscript material.</marc:subfield><marc:subfield code="o">Veith1856hq20T_MS</marc:subfield></marc:datafield></marc:record>